<?xml version="1.0" encoding="UTF-8"?><collection xmlns="http://www.loc.gov/MARC21/slim"><record><leader>00584nam--2200169-u-4500</leader><controlfield tag="001">000054557</controlfield><controlfield tag="002">20161230</controlfield><controlfield tag="005">20161230201051</controlfield><controlfield tag="008">120125s1000------------r-----000-0-eng-d</controlfield><datafield ind1=" " ind2=" " tag="040"><subfield code="a">IFIN-HH</subfield></datafield><datafield ind1=" " ind2=" " tag="080"><subfield code="a">539.12.162.8(061.3)</subfield></datafield><datafield ind1="1" ind2=" " tag="100"><subfield code="a">Mcdonough, Patricia M</subfield></datafield><datafield ind1="1" ind2="0" tag="245"><subfield code="a">The sixth quark</subfield><subfield code="b">Proceedings of the twelfth slac summer institute on particle physics july 23-august 3, 1984 pief-fest slac report no. 281</subfield><subfield code="c">Patricia m. mcdonough (ed.)</subfield></datafield><datafield ind1=" " ind2=" " tag="260"><subfield code="a">Stanford, California</subfield><subfield code="b">Stanford University</subfield><subfield code="c">1985</subfield></datafield><datafield ind1=" " ind2=" " tag="300"><subfield code="a">756P</subfield></datafield><datafield ind1=" " ind2=" " tag="852"><subfield code="a">78924</subfield><subfield code="c">539.12</subfield></datafield><datafield ind1=" " ind2=" " tag="CAT"><subfield code="a">Sys</subfield><subfield code="c">20120125</subfield><subfield code="h">115725</subfield></datafield></record></collection>